<?xml version="1.0" encoding="UTF-8"?>
<record xmlns="http://www.loc.gov/MARC21/slim">
   <leader>01589cam a2200337 a 4500</leader>
   <controlfield tag="001">2746004</controlfield>
   <controlfield tag="003">NjP</controlfield>
   <controlfield tag="005">20171006173054.0</controlfield>
   <controlfield tag="008">851023s1850    ua            000 0 arard</controlfield>
   <datafield tag="024" ind1="7" ind2=" ">
      <subfield code="a">princeton_aco004276</subfield>
      <subfield code="2">local</subfield>
   </datafield>
   <datafield ind1=" " ind2=" " tag="035">
      <subfield code="a">(OCoLC)ocm12710225</subfield>
   </datafield>
   <datafield ind1=" " ind2=" " tag="035">
      <subfield code="9">CND7060TS</subfield>
   </datafield>
   <datafield ind1=" " ind2=" " tag="040">
      <subfield code="a">WAU</subfield>
      <subfield code="c">WAU</subfield>
      <subfield code="d">PUL</subfield>
   </datafield>
   <datafield ind1="0" ind2=" " tag="041">
      <subfield code="a">arafretur</subfield>
   </datafield>
   <datafield ind1="0" ind2=" " tag="100">
      <subfield code="a">Khalīfah ibn Maḥmūd.</subfield>
   </datafield>
   <datafield ind1="1" ind2="0" tag="245">
      <subfield code="a">Qalāʾid al-jumān fī fawāʾid al-tarjumān =</subfield>
      <subfield code="b">Instructions aux drogmans /</subfield>
      <subfield code="c">taʾlīf Khalīfah ibn Maḥmūd al-Miṣrī.</subfield>
   </datafield>
   <datafield ind1="1" ind2="1" tag="246">
      <subfield code="a">Instructions aux drogmans</subfield>
   </datafield>
   <datafield ind1=" " ind2=" " tag="250">
      <subfield code="a">al-Ṭabʻah 1.</subfield>
   </datafield>
   <datafield ind1=" " ind2=" " tag="260">
      <subfield code="a">Būlāq :</subfield>
      <subfield code="b">al-Maṭ̄baʻah al-ʻĀmirah,</subfield>
      <subfield code="c">1266 [1850]</subfield>
   </datafield>
   <datafield ind1=" " ind2=" " tag="300">
      <subfield code="a">1 v. (various pagings) ;</subfield>
      <subfield code="c">30 cm.</subfield>
   </datafield>
   <datafield ind1=" " ind2=" " tag="500">
      <subfield code="a">Arabic, French, and Turkish.</subfield>
   </datafield>
   <datafield ind1=" " ind2=" " tag="500">
      <subfield code="a">"Ouvrage ... destiné à ceux qui desirent apprendre à parler les trois langues, arabe, turque et franc̦aise."</subfield>
   </datafield>
   <datafield ind1=" " ind2=" " tag="500">
      <subfield code="a">Princeton copy 1. lacks p. 119-124.</subfield>
      <subfield code="5">NjP</subfield>
   </datafield>
   <datafield ind1=" " ind2="0" tag="650">
      <subfield code="a">Arabic language</subfield>
      <subfield code="v">Conversation and phrase books.</subfield>
      <subfield code="0">http://id.loc.gov/authorities/subjects/sh2009115194</subfield>
   </datafield>
   <datafield ind1=" " ind2="0" tag="650">
      <subfield code="a">French language</subfield>
      <subfield code="v">Conversation and phrase books.</subfield>
      <subfield code="0">http://id.loc.gov/authorities/subjects/sh85051835</subfield>
   </datafield>
   <datafield ind1=" " ind2="0" tag="650">
      <subfield code="a">Turkish language</subfield>
      <subfield code="v">Conversation and phrase books.</subfield>
      <subfield code="0">http://id.loc.gov/authorities/subjects/sh2010117224</subfield>
   </datafield>
   <datafield ind1=" " ind2="0" tag="650">
      <subfield code="a">French language</subfield>
      <subfield code="x">Grammar.</subfield>
      <subfield code="0">http://id.loc.gov/authorities/subjects/sh85051846</subfield>
   </datafield>
   <datafield ind1="2" ind2=" " tag="710">
      <subfield code="a">Maṭbaʻat Būlāq.</subfield>
   </datafield>
   <datafield ind1="0" ind2=" " tag="740">
      <subfield code="a">Instructions au drogmans.</subfield>
   </datafield>
   <datafield ind1="4" ind2=" " tag="856">
      <subfield code="u">http://hdl.handle.net/2027/njp.32101076512092</subfield>
   </datafield>
   <datafield ind1=" " ind2=" " tag="945">
      <subfield code="a">F</subfield>
      <subfield code="b">1</subfield>
      <subfield code="c">2068.521q</subfield>
   </datafield>
   <datafield ind1=" " ind2=" " tag="911">
      <subfield code="a">20000130</subfield>
   </datafield>
   <datafield ind1="8" ind2="0" tag="852">
      <subfield code="0">3056688</subfield>
      <subfield code="b">rcppa</subfield>
      <subfield code="t">1</subfield>
      <subfield code="c">Oversize</subfield>
      <subfield code="h">2068.521q</subfield>
      <subfield code="x">tr fr sy</subfield>
   </datafield>
   <datafield ind1=" " ind2="0" tag="866">
      <subfield code="0">3056688</subfield>
      <subfield code="z">Princeton copy 1</subfield>
   </datafield>
   <datafield ind1="8" ind2=" " tag="852">
      <subfield code="0">8745521</subfield>
      <subfield code="b">elf1</subfield>
      <subfield code="h">Electronic Resource</subfield>
   </datafield>
   <datafield ind1=" " ind2=" " tag="959">
      <subfield code="a">2000-06-08 00:00:00 -0500</subfield>
   </datafield>
</record>
